@incollection{chin2014bifocals,
  title={Bifocals: Analyzing webview vulnerabilities in android applications},
  author={Chin, Erika and Wagner, David},
  booktitle={Information Security Applications},
  pages={138--159},
  year={2014},
  publisher={Springer}
}

@article{enck2014taintdroid,
  title={TaintDroid: an information-flow tracking system for realtime privacy monitoring on smartphones},
  author={Enck, William and Gilbert, Peter and Han, Seungyeop and Tendulkar, Vasant and Chun, Byung-Gon and Cox, Landon P and Jung, Jaeyeon and McDaniel, Patrick and Sheth, Anmol N},
  journal={ACM Transactions on Computer Systems (TOCS)},
  volume={32},
  number={2},
  pages={5},
  year={2014},
  publisher={ACM}
}

@inproceedings{luo2011attacks,
  title={Attacks on WebView in the Android system},
  author={Luo, Tongbo and Hao, Hao and Du, Wenliang and Wang, Yifei and Yin, Heng},
  booktitle={Proceedings of the 27th Annual Computer Security Applications Conference},
  pages={343--352},
  year={2011},
  organization={ACM}
}
